%YAML 1.1
%TAG !u! tag:unity3d.com,2011:
--- !u!241 &24100000
AudioMixerController:
  m_ObjectHideFlags: 0
  m_CorrespondingSourceObject: {fileID: 0}
  m_PrefabInternal: {fileID: 0}
  m_Name: Plataforma 2D
  m_OutputGroup: {fileID: 0}
  m_MasterGroup: {fileID: 24300002}
  m_Snapshots:
  - {fileID: 24500006}
  m_StartSnapshot: {fileID: 24500006}
  m_SuspendThreshold: -80
  m_EnableSuspend: 1
  m_UpdateMode: 0
  m_ExposedParameters:
  - guid: 261cfe2452b34e9458dad4b5e9012fa9
    name: MasterVol
  - guid: 821b6cd78f2e0c54296efb1fb7a06e3f
    name: MusicVol
  - guid: 5b1e0bd03e153464fb81a38976344ee0
    name: SFXVol
  m_AudioMixerGroupViews:
  - guids:
    - 75be7398d7579fd4aafc34f8796b81b1
    - a709e393367725b4ca6d6638c242b80f
    - 60b53852cd22c444089bbb4b686e88aa
    name: View
  m_CurrentViewIndex: 0
  m_TargetSnapshot: {fileID: 24500006}
--- !u!243 &24300002
AudioMixerGroupController:
  m_ObjectHideFlags: 0
  m_CorrespondingSourceObject: {fileID: 0}
  m_PrefabInternal: {fileID: 0}
  m_Name: Master
  m_AudioMixer: {fileID: 24100000}
  m_GroupID: 75be7398d7579fd4aafc34f8796b81b1
  m_Children:
  - {fileID: 243821374753424106}
  - {fileID: 243806688851059670}
  m_Volume: 261cfe2452b34e9458dad4b5e9012fa9
  m_Pitch: 897fbdc04dd1d584483d89f5ede43b08
  m_Effects:
  - {fileID: 24400004}
  m_UserColorIndex: 0
  m_Mute: 0
  m_Solo: 0
  m_BypassEffects: 0
--- !u!244 &24400004
AudioMixerEffectController:
  m_ObjectHideFlags: 3
  m_CorrespondingSourceObject: {fileID: 0}
  m_PrefabInternal: {fileID: 0}
  m_Name: 
  m_EffectID: 9777577f99bdaf74b90305ec1d6ada79
  m_EffectName: Attenuation
  m_MixLevel: 52556cbb89a95634aba472adfaaaf86d
  m_Parameters: []
  m_SendTarget: {fileID: 0}
  m_EnableWetMix: 0
  m_Bypass: 0
--- !u!245 &24500006
AudioMixerSnapshotController:
  m_ObjectHideFlags: 0
  m_CorrespondingSourceObject: {fileID: 0}
  m_PrefabInternal: {fileID: 0}
  m_Name: Snapshot
  m_AudioMixer: {fileID: 24100000}
  m_SnapshotID: f75750bde9571af40b1c12da3651b93b
  m_FloatValues:
    5b1e0bd03e153464fb81a38976344ee0: -0.025776558
    261cfe2452b34e9458dad4b5e9012fa9: 0
    821b6cd78f2e0c54296efb1fb7a06e3f: 0.3945702
  m_TransitionOverrides: {}
--- !u!243 &243806688851059670
AudioMixerGroupController:
  m_ObjectHideFlags: 0
  m_CorrespondingSourceObject: {fileID: 0}
  m_PrefabInternal: {fileID: 0}
  m_Name: SFX
  m_AudioMixer: {fileID: 24100000}
  m_GroupID: 60b53852cd22c444089bbb4b686e88aa
  m_Children: []
  m_Volume: 5b1e0bd03e153464fb81a38976344ee0
  m_Pitch: a3b2a45271c78ef4da6ef1e70d8f3609
  m_Effects:
  - {fileID: 244238692649304710}
  m_UserColorIndex: 0
  m_Mute: 0
  m_Solo: 0
  m_BypassEffects: 0
--- !u!243 &243821374753424106
AudioMixerGroupController:
  m_ObjectHideFlags: 0
  m_CorrespondingSourceObject: {fileID: 0}
  m_PrefabInternal: {fileID: 0}
  m_Name: Music
  m_AudioMixer: {fileID: 24100000}
  m_GroupID: a709e393367725b4ca6d6638c242b80f
  m_Children: []
  m_Volume: 821b6cd78f2e0c54296efb1fb7a06e3f
  m_Pitch: 82d34e08d41722943add9bd56ee1d78b
  m_Effects:
  - {fileID: 244468124539354942}
  m_UserColorIndex: 0
  m_Mute: 0
  m_Solo: 0
  m_BypassEffects: 0
--- !u!244 &244238692649304710
AudioMixerEffectController:
  m_ObjectHideFlags: 3
  m_CorrespondingSourceObject: {fileID: 0}
  m_PrefabInternal: {fileID: 0}
  m_Name: 
  m_EffectID: e63dc37ee32c0f246a4f70e4c6b3a5c1
  m_EffectName: Attenuation
  m_MixLevel: d93b0100ce806da41ba5b13a9bd7c1d6
  m_Parameters: []
  m_SendTarget: {fileID: 0}
  m_EnableWetMix: 0
  m_Bypass: 0
--- !u!244 &244468124539354942
AudioMixerEffectController:
  m_ObjectHideFlags: 3
  m_CorrespondingSourceObject: {fileID: 0}
  m_PrefabInternal: {fileID: 0}
  m_Name: 
  m_EffectID: 8dc5eac12bc02ee4ba176c701cf0e12d
  m_EffectName: Attenuation
  m_MixLevel: 5e7a2a4785b1ddb46a7b3c6c3175da3b
  m_Parameters: []
  m_SendTarget: {fileID: 0}
  m_EnableWetMix: 0
  m_Bypass: 0
